@article{cite2,
 author = {Chow, W.-H. and Dong, L. M. and Devesa, S. S. },
 title = {Epidemiology and risk factors for kidney cancer},
 Journal="Nature reviews. Urology",
 year = {May-2010},
 url = {https://www.ncbi.nlm.nih.gov/pmc/articles/PMC3012455/. [Accessed: 28-Apr-2019].
},
} 

@article{cite1,
author = {Wood, C. G. and Stromberg, L. J. and Harmath, C. B. and Horowitz, J. M. and Feng, C. and Hammond, N. A. and Casalino, D. D. and Goodhartz, L. A. and Miller, F. H. and Nikolaidis, P. },
title = {CT and MR Imaging for Evaluation of Cystic Renal Lesions and Diseases},
Journal="RadioGraphics",
year = {vol. 35, no. 1, pp. 125–141, 2015},
}



@article{cite3,
year = {Global Burden of Disease Cancer Collaboration. JAMA Oncol 2015; 1: 505-527},
}

@article{cite4,
author = {Rini, B. and Campbell, S. C. and Escudeir, B. },
title = {Renal Cell Carcinoma},
Journal="The Lancet",
year = {vol 373, no 9669 Mar 2009},
}

@article{cite5,
author = {Coy, H. and Hsieh, K. and Wu, W. and Nagarajan, M. B. and Young, J. R. and Douek, M. L. and Brown, M. S. and Scalzo, F. and Raman, S. S. },
title = {Deep learning and radiomics: the utility of Google TensorFlow™ Inception in classifying clear cell renal cell carcinoma and oncocytoma on multiphasic CT},
Journal="Abdominal Radiology",
year = {2019},
}

@article{cite6,
 title = {Kidney Cancer},
 Journal="NHS Choices",
 url = {https://www.nhs.uk/conditions/kidney-cancer/. [Accessed: 28-Apr-2019].},
} 
@article{cite7,
author = {Cotran, R. S. and Kumar, V. and Collins, T. and Robbins, S. L. },
Journal="Robbins pathologic basis of disease",
year = {Philadelphia: Saunders, 2007},
}

@article{Fischler1981,
 author = {Fischler, Martin A. and Bolles, Robert C.},
 title = {Random Sample Consensus: A Paradigm for Model Fitting with Applications to Image Analysis and Automated Cartography},
 journal = {Commun. ACM},
 issue_date = {June 1981},
 volume = {24},
 number = {6},
 month = jun,
 year = {1981},
 issn = {0001-0782},
 pages = {381--395},
 numpages = {15},
 url = {http://doi.acm.org/10.1145/358669.358692},
 doi = {10.1145/358669.358692},
 acmid = {358692},
 publisher = {ACM},
} 



@Article{pmid23464331,
   Author="Wagner, M.  and Deuerling-Zheng, Y.  and Mohlenbruch, M.  and Bendszus, M.  and Boese, J.  and Heiland, S. ",
   Title="{{A} model based algorithm for perfusion estimation in interventional {C}-arm {C}{T} systems}",
   Journal="Med Phys",
   Year="2013",
   Volume="40",
   Number="3",
   Pages="031916",
   Month="Mar"
}

@ARTICLE{Sch78,
  author = {Schwarz, G.},
  title = {{Estimating the dimension of a model}},
  journal = {Annals of Statistics},
  year = {1978},
  volume = {6},
  pages = {461--464},
  number = {2},
  date-added = {2011-01-10 11:48:36 -0600},
  date-modified = {2011-01-10 11:48:38 -0600}
}

@Article{pmid19746782,
   Author="Schramm, P.  and Huang, Y.  and Erb, G.  and Klotz, E.  and Heiland, S. ",
   Title="{{H}ow does the injection protocol influence the attenuation-time curve in {C}{T} perfusion measurements: comparison of measured and simulated data}",
   Journal="Med Phys",
   Year="2009",
   Volume="36",
   Number="8",
   Pages="3487--3494",
   Month="Aug"
}

@Article{pmid18334400,
   Author="de Lin, M.  and Ning, L.  and Badea, C. T.  and Mistry, N. N.  and Qi, Y.  and Johnson, G. A. ",
   Title="{{A} high-precision contrast injector for small animal x-ray digital subtraction angiography}",
   Journal="IEEE Trans Biomed Eng",
   Year="2008",
   Volume="55",
   Number="3",
   Pages="1082--1091",
   Month="Mar"
}

@Article{pmid1761507,
   Author="Clough, A. V.  and Krenz, G. S.  and Owens, M.  and al-Tinawi, A.  and Dawson, C. A.  and Linehan, J. H. ",
   Title="{{A}n algorithm for angiographic estimation of blood vessel diameter}",
   Journal="J. Appl. Physiol.",
   Year="1991",
   Volume="71",
   Number="5",
   Pages="2050--2058",
   Month="Nov"
}


@Article{pmid18424687,
   Author="Murphy, B. D.  and Fox, A. J.  and Lee, D. H.  and Sahlas, D. J.  and Black, S. E.  and Hogan, M. J.  and Coutts, S. B.  and Demchuk, A. M.  and Goyal, M.  and Aviv, R. I.  and Symons, S.  and Gulka, I. B.  and Beletsky, V.  and Pelz, D.  and Chan, R. K.  and Lee, T. Y. ",
   Title="{{W}hite matter thresholds for ischemic penumbra and infarct core in patients with acute stroke: {C}{T} perfusion study}",
   Journal="Radiology",
   Year="2008",
   Volume="247",
   Number="3",
   Pages="818--825",
   Month="Jun"
}


@Article{pmid10540654,
   Author="Nabavi, D. G.  and Cenic, A.  and Craen, R. A.  and Gelb, A. W.  and Bennett, J. D.  and Kozak, R.  and Lee, T. Y. ",
   Title="{{C}{T} assessment of cerebral perfusion: experimental validation and initial clinical experience}",
   Journal="Radiology",
   Year="1999",
   Volume="213",
   Number="1",
   Pages="141--149",
   Month="Oct"
}


@Article{pmid24353330,
   Author="Marks, M. P.  and Lansberg, M. G.  and Mlynash, M.  and Kemp, S.  and McTaggart, R.  and Zaharchuk, G.  and Bammer, R.  and Albers, G. W. ",
   Title="{{C}orrelation of {A}{O}{L} recanalization, {T}{I}{M}{I} reperfusion and {T}{I}{C}{I} reperfusion with infarct growth and clinical outcome}",
   Journal="J Neurointerv Surg",
   Year="2013",
   Month="Dec"
}


@book{moniz31,
author = {Moniz, A.},
publisher = {{Masson et Cie}},
title = {Diagnostic des tumeurs c{\'e}r{\'e}brales et {\'e}preuve de l'enc{\'e}phalographie art{\'e}rielle},
year = {1931}
}


@article{Moniz1927,
author = {Moniz, A. E.},
journal = {Rev Neurol},
number = {34},
pages = {72--90},
title = {{L'encephalographie arterielle, son importance dans la localisation des tumeurs cerebrales}},
volume = {2},
year = {1927}
}





@article{Albers2006,
author = {Albers, Gregory W and Thijs, Vincent N and Wechsler, Lawrence and Kemp, Stephanie and Schlaug, Gottfried and Skalabrin, Elaine and Bammer, Roland and Kakuda, Wataru and Lansberg, Maarten G and Shuaib, Ashfaq and Coplin, William and Hamilton, Scott and Moseley, Michael and Marks, Michael P},
title = {{Magnetic resonance imaging profiles predict clinical response to early reperfusion: the diffusion and perfusion imaging evaluation for understanding stroke evolution (DEFUSE) study.}},
doi = {10.1002/ana.20976},
journal = {Ann neurol},
month = nov,
number = {5},
pages = {508--17},
pmid = {17066483},
volume = {60},
year = {2006}
}

@article{Balter1984,
author = {Balter, S and Ergun, D and Tscholl, E and Buchmann, F and Verhoeven, L},
issn = {0033-8419},
journal = {Radiology},
month = jul,
number = {1},
pages = {195--8},
pmid = {6374758},
title = {{Digital subtraction angiography: fundamental noise characteristics.}},
volume = {152},
year = {1984}
}

@article{Bateman1984,
author = {Bateman, W. A. and Kruger, R. A.},
title = {Blood flow measurement using digital angiography and parametric imaging},
journal = {Med phys},
number = {2},
pages = {153--7},
pmid = {6374411},
volume = {11},
year = {1984}
}

@article{Buchmann1985,
author = {Buchmann, F},
issn = {0344-5607},
journal = {Neurosurg rev},
month = jan,
number = {1},
pages = {35--40},
pmid = {3895038},
title = {{Digital subtraction angiography (DSA): new perspectives in angiography.}},
volume = {8},
year = {1985}
}

@article{Fencil1989,
author = {Fencil, L E and Doi, K and Chua, K G and Hoffman, K R},
issn = {0031-9155},
journal = {Phys med biol},
month = jun,
number = {6},
pages = {659--71},
pmid = {2662225},
title = {{Measurement of absolute flow rate in vessels using a stereoscopic DSA system.}},
volume = {34},
year = {1989}
}


@inproceedings{12955939,
author = {Frost, M. M. and Fisher, H. D. and Nudelman, S. and Roehrig, H.},
title = {A Digital Video Acquisition System For Extraction Of Subvisual Information In Diagnostic Medical Imaging},
booktitle = {Proc. SPIE},
volume = {0127},
pages = {208-215},
year = {1977},
doi = {10.1117/12.955939}
}

@article{GIDLUND1956,
author = "Gidlund, A",
title = {{Development of apparatus and methods for roentgen studies in haemodynamics.}},
journal = {Acta radiol},
month = jan,
number = {130},
pages = {7--70},
pmid = {13301976},
year = {1956}
}

@article{Harrington1982,
author = {Harrington, DP},
title = {{Digital subtraction angiography: overview of technical principles}},
doi = {10.2214/ajr.139.4.781},
issn = {0361-803X},
journal = {AJR Am J Roentgenol},
month = oct,
number = {4},
pages = {781--6},
volume = {139},
year = {1982}
}

@article{Hunter1986,
title = {{Parametric imaging using digital subtraction angiography}},
author = {Hunter, G J and Hunter, J V and Brown, N J},
issn = {0007-1285},
journal = {Brit j radiol},
month = jan,
number = {697},
pages = {7--11},
pmid = {3512003},
volume = {59},
year = {1986}
}

@Article{Kruger81,
   Author={Kruger, R.A. and Mistretta, C.A. and Riederer, S.J.},
   Title={Physical and technical considerations of computerized fluoroscopy difference imaging},
   Journal={ IEEE Trans on Nucl Sci},
   Year={1981},
   Volume={28},
   Pages={202--212}
}

@proceeding{Le1992,
author = {Le Goff, Rozenn and Bizais, Yves J.},
title = {Densitometric measurement of blood flow application to stenosis quantification},
journal = {Proc. SPIE},
volume = {1652},
pages = {378-385},
year = {1992},
doi = {10.1117/12.59447},
}

@Article{Zierler62,
   Author={Zierler, K. L.},
   Title={Theoretical Basis of Indicator-Dilution Methods For Measuring Flow and Volume},
   Journal={Circ Res.},
   Year={1962},
   Volume={10},
   Pages={393--407},
   doi = {10.1161/01.RES.10.3.393}
}

@article{Yerushalmi1976,
author = {Yerushalmi, S and Itzchak, Y},
journal = {Med Prog Through Technol},
month = jan,
number = {3},
pages = {107--15},
pmid = {798120},
title = {{Angiographic methods for blood flow measurements.}},
volume = {4},
year = {1976}
}

@article{Debran1995,
author = {Touho, H},
title = {{Hemodynamic evaluation with dynamic DSA during the treatment of cerebral vasospasm: a retrospective study.}},
journal = {Surg neurol},
month = jul,
number = {1},
pages = {63--73; discussion 73--4},
pmid = {7482257},
volume = {44},
year = {1995}
}

@article{Strother2010,
author = {Strother, C M and Bender, F and Deuerling-Zheng, Y and Royalty, K and Pulfer, K a and Baumgart, J and Zellerhoff, M and Aagaard-Kienitz, B and Niemann, D B and Lindstrom, M L},
doi = {10.3174/ajnr.A2020},
issn = {1936-959X},
journal = {AJNR},
month = may,
number = {5},
pages = {919--24},
pmid = {20167651},
title = {{Parametric color coding of digital subtraction angiography.}},
volume = {31},
year = {2010}
}

@Article{Sundberg74,
   Author="Sundberg, R.",
   Title="Maximum likelihood theory for incomplete data from an exponential family",
   Journal=" SCAND J STAT",
   Year="1974",
   Volume="2",
   Number="1",
   Pages="49--58"
}

@Article{pmid16992112,
   Author="Stewart, G. N.",
   Title="{{R}esearches on the {C}irculation {T}ime in {O}rgans and on the {I}nfluences which affect it: {P}arts {I}.-{I}{I}{I}}",
   Journal="J. Physiol.",
   Year="1893",
   Volume="15",
   Number="1-2",
   Pages="1--89",
   Month="Jul"
}

@article{Rontgen1896,
author = {R\"{o}ntgen, W C},
doi = {10.1038/053274b0},
issn = {0028-0836},
journal = {Nature},
month = jan,
pages = {274--276},
title = {{On a New Kind of Rays}},
volume = {53},
year = {1896}
}



@Article{pmid11167043,
   Author="Rausch, M.  and Scheffler, K.  and Rudin, M.  and Radu, E. W. ",
   Title="{{A}nalysis of input functions from different arterial branches with gamma variate functions and cluster analysis for quantitative blood volume measurements}",
   Journal="Magn Reson Imaging",
   Year="2000",
   Volume="18",
   Number="10",
   Pages="1235--1243",
   Month="Dec"
}





@article{Ovitt1980,
author = {Ovitt, T W and Christenson, P C and Fisher, H D and Frost, M M and Nudelman, S and Roehrig, H and Seeley, G},
doi = {10.2214/ajr.135.6.1141},
issn = {0361-803X},
journal = {AJR Am J Roentgenol},
month = dec,
number = {6},
pages = {1141--4},
pmid = {6779517},
title = {{Intravenous angiography using digital video subtraction: x-ray imaging system.}},
volume = {135},
year = {1980}
}

@inproceedings{Ovitt79,
author = {Ovitt, T. W. and Capp, M. P. and Fisher, H. D. and Frost, M. M. and Lebel, J. L. and Nudelman, S. and Roehrig, H.},
title = {The Development Of A Digital Video Subtraction System For Intravenous Angiography},
booktitle = {SPIE, Noninvasive Cardiovascular Measurements},
volume = {167},
pages = {61-66},
year = {1979},
doi = {10.1117/12.956981}
}

@inproceedings{rozenn92,
author = {Le Goff, Rozenn and Bizais, Yves J.},
title = {Densitometric measurement of blood flow application to stenosis quantification},
booktitle = {SPIE, Medical Imaging VI: Image Processing},
volume = {1652},
pages = {378-385},
year = {1992},
doi = {10.1117/12.59447}
}

@article{Ostergaard2005,
author = {{\O}stergaard, Leif},
doi = {10.1002/jmri.20460},
issn = {1053-1807},
journal = {J Magn Reson Im},
month = dec,
number = {6},
pages = {710--7},
pmid = {16261573},
title = {{Principles of cerebral perfusion imaging by bolus tracking.}},
volume = {22},
year = {2005}
}

@article{Ostergaard1996a,
author = {{\O}stergaard, Leif and Weisskoff, Robert M and Chesler, David A and Gyldensted, Carsten and Rosen, Bruce R},
issn = {0740-3194},
journal = {Magn reson med},
month = nov,
number = {5},
pages = {715--25},
pmid = {8916022},
title = {{High resolution measurement of cerebral blood flow using intravascular tracer bolus passages. Part I: Mathematical approach and statistical analysis.}},
volume = {36},
year = {1996}
}


@article{Tomsick2007,
author = {Tomsick, Thomas},
journal = {AJNR Am. J. Neuroradiol.},
month = feb,
number = {2},
pages = {382--384},
title = {{TIMI, TIBI, TICI: I Came, I Saw, I Got Confused}},
volume = {28},
year = {2007}
}

@article{Shpilfoygel2000,
author = {Shpilfoygel, S D and Close, R A and Valentino, D J and Duckwiler, G R},
issn = {0094-2405},
journal = {Med phys},
month = sep,
number = {9},
pages = {2008--23},
pmid = {11011728},
title = {{X-ray videodensitometric methods for blood flow and velocity measurement: a critical review of literature.}},
volume = {27},
year = {2000}
}


@article{Lin2009,
author = {Lin, MingDe and Marshall, Craig T. and Qi, Yi and Johnston, Samuel M. and Badea, Cristian T. and Piantadosi, Claude a. and Johnson, G. Allan},
doi = {10.1118/1.3231823},
issn = {00942405},
journal = {Med Phys},
number = {11},
pages = {5347},
title = {{Quantitative blood flow measurements in the small animal cardiopulmonary system using digital subtraction angiography}},
volume = {36},
year = {2009}
}

@article{Meaney1980,
author = {Meaney, T F and Weinstein, M A and Buonocore, E and Pavlicek, W and Borkowski, G P and Gallagher, J H and Sufka, B and MacIntyre, W J},
doi = {10.2214/ajr.135.6.1153},
issn = {0361-803X},
journal = {AJR Am J Roentgenol},
month = dec,
number = {6},
pages = {1153--60},
pmid = {6779519},
title = {{Digital subtraction angiography of the human cardiovascular system.}},
volume = {135},
year = {1980}
}